@article{raj_rao,
    author  = "Raj Rao Nadakuditi and M. E. J. Newman",
    title   = "Graph spectra and the detectability of community structure in networks",
    year    = "2012",
}
@article{Community_detection_in_graphs,
    author  = "Santo Fortunato",
    title   = "Community detection in graphs",
    year    = "2010",
}
@article{Spectral_Detection_in_the_Censored_Block_Model,
    author  = "Alaa Saade, Florent Krzakala, Marc Lelarge, Lenka Zdeborov",
    title   = "Spectral Detection in the Censored Block Model",
    year    = "2015",
}
@article{Spectral_redemption_clustering_sparse_networks,
    author  = "Florent Krzakala, Cristopher Moore, Elchanan Mossel, Joe Neeman, Allan Sly, Lenka Zdeborov√° and Pan Zhang",
    title   = "Spectral redemption:  clustering sparse networks",
    year    = "2013",
}
@article{bethe_hessian,
    author  = "Alaa Saade, Florent Krzakala, Lenka Zdeborov",
    title   = "Spectral Clustering of Graphs with the Bethe Hessian",
    year    = "2014",
}
@article{censored_block_model,
    author  = "Hafiz Tiomoko Ali, Romain Couillet",
    title   = "Improved spectral community detection in large heterogeneous networks",
    year    = "2018",
}
